<record><leader>01040cam a2200301 i 45 0</leader><controlfield tag="001">6804102</controlfield><controlfield tag="003">OCoLC</controlfield><controlfield tag="005">20150212113315.0</controlfield><controlfield tag="008">150116s2015    paua          000 0 eng d</controlfield><datafield ind1=" " ind2=" " tag="020"><subfield code="a">9781451130720 (paperback)</subfield></datafield><datafield ind1=" " ind2=" " tag="020"><subfield code="a">1451130724 (paperback)</subfield></datafield><datafield ind1=" " ind2=" " tag="040"><subfield code="a">HKP</subfield><subfield code="b">eng</subfield><subfield code="e">rda</subfield><subfield code="c">HKP</subfield><subfield code="d">OCLCO</subfield><subfield code="d">CUX</subfield><subfield code="d">YDXCP</subfield><subfield code="d">ARDC</subfield></datafield><datafield ind1="0" ind2="4" tag="082"><subfield code="a">616.07/54</subfield><subfield code="2">23</subfield></datafield><datafield ind1=" " ind2=" " tag="090"><subfield code="a">RC 76.5 M39 2015</subfield><subfield code="b">ARDC</subfield></datafield><datafield ind1="1" ind2=" " tag="100"><subfield code="a">Maxwell, Paula J.,</subfield><subfield code="e">author.</subfield></datafield><datafield ind1="1" ind2="0" tag="245"><subfield code="a">Anatomical landmark palpation /</subfield><subfield code="c">Paula J. Maxwell.</subfield></datafield><datafield ind1=" " ind2=" " tag="250"><subfield code="a">First edition.</subfield></datafield><datafield ind1=" " ind2="1" tag="264"><subfield code="a">Philadelphia :</subfield><subfield code="b">Wolters Kluwer Health,</subfield><subfield code="c">[2015]</subfield></datafield><datafield ind1=" " ind2=" " tag="300"><subfield code="a">xi, 202 pages :</subfield><subfield code="b">illustrations ;</subfield><subfield code="c">26 cm.</subfield></datafield><datafield ind1=" " ind2=" " tag="336"><subfield code="a">text</subfield><subfield code="2">rdacontent</subfield></datafield><datafield ind1=" " ind2=" " tag="336"><subfield code="a">still image</subfield><subfield code="2">rdacontent</subfield></datafield><datafield ind1=" " ind2=" " tag="337"><subfield code="a">unmediated</subfield><subfield code="2">rdamedia</subfield></datafield><datafield ind1=" " ind2=" " tag="338"><subfield code="a">volume</subfield><subfield code="2">rdacarrier</subfield></datafield><datafield ind1=" " ind2=" " tag="520"><subfield code="a">This handbook provides a portable, pictorial summary of key palpation protocols.</subfield></datafield><datafield ind1=" " ind2="0" tag="650"><subfield code="a">Palpation.</subfield></datafield><datafield ind1=" " ind2="0" tag="650"><subfield code="a">Physical therapy.</subfield></datafield><datafield ind1=" " ind2=" " tag="596"><subfield code="a">35</subfield></datafield><datafield ind1=" " ind2=" " tag="926"><subfield code="a">RC 76.5 M39 2015</subfield><subfield code="w">LC</subfield><subfield code="c">1</subfield><subfield code="i">30125302526958</subfield><subfield code="l">FLOOR_2</subfield><subfield code="m">RED_DEER_C</subfield><subfield code="r">Y</subfield><subfield code="s">Y</subfield><subfield code="t">BOOK</subfield><subfield code="u">2/12/2015</subfield></datafield></record>